<record xmlns='http://www.loc.gov/MARC21/slim'><leader>01262cam a2200265Ia 4500</leader><controlfield tag='001'>9972147863506421</controlfield><controlfield tag='005'>20200929145722.0</controlfield><controlfield tag='008'>120716s2012    is            001 0 heb d</controlfield><datafield ind1=' ' ind2=' ' tag='035'><subfield code='a'>7214786</subfield></datafield><datafield ind1=' ' ind2=' ' tag='035'><subfield code='a'>(OCoLC)ocn804105669</subfield></datafield><datafield ind1=' ' ind2=' ' tag='035'><subfield code='a'>(NjP)7214786-princetondb</subfield></datafield><datafield ind1=' ' ind2=' ' tag='040'><subfield code='a'>HLS</subfield><subfield code='c'>PUL</subfield><subfield code='d'>WEINB</subfield><subfield code='d'>OCLCO</subfield><subfield code='d'>PUL</subfield></datafield><datafield ind1=' ' ind2=' ' tag='066'><subfield code='c'>(2</subfield></datafield><datafield ind1=' ' ind2=' ' tag='090'><subfield code='a'>BM700</subfield><subfield code='b'>.P474 2012</subfield></datafield><datafield ind1='1' ind2=' ' tag='100'><subfield code='6'>880-01</subfield><subfield code='a'>Pesin, Aharon Yehoshuʻa.</subfield><subfield code='0'>http://id.loc.gov/authorities/names/no2007044996</subfield></datafield><datafield ind1='1' ind2=' ' tag='880'><subfield code='6'>100-01/(2/r</subfield><subfield code='a'>פסין, אהרן יהושע.</subfield></datafield><datafield ind1='1' ind2='0' tag='245'><subfield code='6'>880-02</subfield><subfield code='a'>Be-darkhe avot :</subfield><subfield code='b'>ʻiyun be-darke ha-avot ṿe-hanhagotehem be-ḳiyum ha-Torah ʻod li-fene she-nitnah /</subfield><subfield code='c'>zot liḳaṭeti, ḥibarti ṿe-ʻarakhti Aharon Yehoshuʻa Pesin.</subfield></datafield><datafield ind1='1' ind2='0' tag='880'><subfield code='6'>245-02/(2/r</subfield><subfield code='a'>בדרכי אבות :</subfield><subfield code='b'>עיון בדרכי האבות והנהגותיהם בקיום התורה עוד לפני שניתנה /</subfield><subfield code='c'>זאת לקטאי, חברתי וערכתי ... אהרן יהושע פסין.</subfield></datafield><datafield ind1=' ' ind2=' ' tag='260'><subfield code='a'>[Jerusalem?] :</subfield><subfield code='b'>A.Y. Pesin,</subfield><subfield code='c'>[772, i.e., 2012]</subfield></datafield><datafield ind1=' ' ind2=' ' tag='300'><subfield code='a'>314 p. ;</subfield><subfield code='c'>25 cm.</subfield></datafield><datafield ind1=' ' ind2=' ' tag='500'><subfield code='a'>Includes index.</subfield></datafield><datafield ind1=' ' ind2='0' tag='650'><subfield code='a'>Judaism</subfield><subfield code='x'>Customs and practices</subfield><subfield code='x'>History.</subfield></datafield><datafield ind1=' ' ind2=' ' tag='880'><subfield code='6'>260-00/(2/r</subfield><subfield code='a'>[ירושלים?] :</subfield><subfield code='b'>א.י.פסין,</subfield><subfield code='c'>תשע״ב.</subfield></datafield><datafield ind1=' ' ind2=' ' tag='902'><subfield code='a'>rs</subfield><subfield code='b'>m</subfield><subfield code='6'>a</subfield><subfield code='7'>m</subfield><subfield code='d'>v</subfield><subfield code='f'>1</subfield><subfield code='e'>20130528</subfield></datafield><datafield ind1=' ' ind2=' ' tag='904'><subfield code='a'>mis</subfield><subfield code='b'>a</subfield><subfield code='h'>m</subfield><subfield code='c'>b</subfield><subfield code='e'>20121024</subfield></datafield><datafield ind1=' ' ind2=' ' tag='979'><subfield code='a'>(OCoLC)ocn844774599</subfield></datafield><datafield ind1=' ' ind2=' ' tag='AVA'><subfield code='0'>9972147863506421</subfield><subfield code='8'>22498405510006421</subfield><subfield code='a'>01PRI_INST</subfield><subfield code='b'>recap</subfield><subfield code='c'>Remote Storage</subfield><subfield code='d'>BM700 .P474 2012</subfield><subfield code='e'>available</subfield><subfield code='f'>1</subfield><subfield code='g'>0</subfield><subfield code='j'>pa</subfield><subfield code='k'>0</subfield><subfield code='p'>1</subfield><subfield code='q'>ReCAP</subfield></datafield></record>
